<record><leader>00000cas a22000007a 4500</leader><controlfield tag="001">14814486</controlfield><controlfield tag="008">861121d19321972wiudr ne      0    0eng  </controlfield><controlfield tag="009">466</controlfield><datafield ind1=" " ind2=" " tag="010"><subfield code="a">sn 86072135 </subfield></datafield><datafield ind1=" " ind2=" " tag="040"><subfield code="a">DLC</subfield><subfield code="b">eng</subfield><subfield code="c">DLC</subfield><subfield code="d">NPV</subfield><subfield code="d">OCLCQ</subfield></datafield><datafield ind1=" " ind2=" " tag="037"><subfield code="b">212 Fourth St., Racine, Wis. 53403</subfield></datafield><datafield ind1=" " ind2=" " tag="042"><subfield code="a">msc</subfield></datafield><datafield ind1="0" ind2="0" tag="050"><subfield code="a">Newspaper 7002</subfield></datafield><datafield ind1="0" ind2="4" tag="245"><subfield code="a">The Racine journal-times.</subfield></datafield><datafield ind1="3" ind2="0" tag="246"><subfield code="a">Racine journal times</subfield></datafield><datafield ind1="3" ind2="0" tag="246"><subfield code="a">Journal times Sunday bulletin</subfield></datafield><datafield ind1="3" ind2="0" tag="246"><subfield code="a">Racine journal-times Sunday bulletin</subfield></datafield><datafield ind1=" " ind2=" " tag="260"><subfield code="a">Racine, Wis. :</subfield><subfield code="b">Journal-Times Co.,</subfield><subfield code="c">1932-1972.</subfield></datafield><datafield ind1=" " ind2=" " tag="300"><subfield code="a">v.</subfield></datafield><datafield ind1=" " ind2=" " tag="310"><subfield code="a">Daily</subfield></datafield><datafield ind1=" " ind2=" " tag="321"><subfield code="a">Daily (except Sun.)</subfield><subfield code="b">1932-1954</subfield></datafield><datafield ind1="0" ind2=" " tag="362"><subfield code="a">Vol. 93, no. 151 (June 27, 1932)-v. 116, no. 33 (Sept. 9, 1972).</subfield></datafield><datafield ind1=" " ind2=" " tag="500"><subfield code="a">Issued on Sundays as: The Racine Journal-times Sunday bulletin, 1954-1972.</subfield></datafield><datafield ind1=" " ind2=" " tag="752"><subfield code="a">United States</subfield><subfield code="b">Wisconsin</subfield><subfield code="c">Racine</subfield><subfield code="d">Racine.</subfield></datafield><datafield ind1="0" ind2="4" tag="780"><subfield code="t">Racine times-call</subfield></datafield><datafield ind1="0" ind2="4" tag="780"><subfield code="t">Racine journal-news</subfield><subfield code="w">(DLC)sn 87082414</subfield></datafield><datafield ind1="0" ind2="0" tag="785"><subfield code="t">Journal times</subfield><subfield code="w">(DLC)sn 8304843</subfield></datafield></record>